%% LaTeX2e file `main.bib'
%% generated by the `filecontents' environment
%% from source `main' on 2019/09/04.
%%

@misc{bworld,
  author = {Brian Shute},
  title = {{Overcoming The Hurdle Of Controlling Stoma Noise}},
  howpublished = "\url{http://www.drshute.com/archives/2004_08.html}",
  year = {2004},
  note = "[Online; accessed 21-October-2017]"
}


@online{ErokyarAgeGender,
author = {Erokyar, Hasan.},
title = {Age and Gender Recognition for Speech Applications based on Support Vector Machines},
month = {January},
year = {2014},
%url = {http://scholarcommons.usf.edu/cgi/viewcontent.cgi?article=6552&context=etd},
%note = {Last accessed: 2017-07-22}
}



