@inbook{abdel-salam:1990:elf,
   author    = {A.V. Oppenheim and R.W. Shafer},
   title     = {Discrete-time signal processing},
   chapter   = {3},
   pages     = {82-112},
   year      = {1989},
   month     = aug,
   publisher = {Prentice-Hall Inc.},
   address   = {USA},
   edition   = {first}
}


@article{finn:2003:dip,
   author    = {L. Finn and R. Mulholland and G.J. Gibbon},
   title     = {Design and implemention of a prototype computer based rehabilitation device for the lower extremities},
   journal   = {SAIEE Transactions},
   pages     = {29-32},
   year      = {2003},
   month     = mar,
   volume    = {95},
   number    = {1}
}


@article{muller:2003:dbr,
   author    = {G. H. Muller and C.F. Landy},
   title     = {Detection of broken rotor bars, {P}art 1 - new theory},
   journal   = {SAIEE Transactions},
   pages     = {7-18},
   year      = {2003},
   month     = mar,
   volume    = {95},
   number    = {1}
}


@inproceedings{vas:1992:smi,
   author    = {P. Vas},
   title     = {Simulation and monitoring of induction motors with motor asymmetry},
   booktitle = {Proceedings of the 6th International Conference on Electrical Machines},
   pages     = {435-439},
   year      = {1992},
   month     = may,
   address   = {Manchester}
}



@misc{pascal,
       author = "Bentley, P. and Nordehn, G. and Coimbra, M. and Mannor, S.",
       title = "The {PASCAL} {C}lassifying {H}eart {S}ounds {C}hallenge 2011 {(CHSC2011)} {R}esults",
       howpublished = {\url{http://www.peterjbentley.com/heartchallenge/index.html}}
}

@misc{WHO,
  author={WHO},
  title = {Cardiovascular diseases (CVDs)},
  howpublished = {\url{https://www.who.int/news-room/fact-sheets/detail/cardiovascular-diseases-(cvds)}},
  note = {Last Accessed: 2019-07-14}
}

@article{groch1992new,
  title={A new heart-sounds gating device for medical imaging},
  author={Groch, Mark W and Domnanovich, James R and Erwin, William D},
  journal={IEEE Transactions on biomedical engineering},
  volume={39},
  number={3},
  pages={307--310},
  year={1992},
  publisher={IEEE}
}

@inproceedings{strunic,
  title={Detection and classification of cardiac murmurs using segmentation techniques and artificial neural networks},
  author={Strunic, Spencer L and Rios-Guti{\'e}rrez, Fernando and Alba-Flores, Roc{\'\i}o and Nordehn, Glenn and Bums, S},
  booktitle={2007 IEEE Symposium on Computational Intelligence and Data Mining},
  pages={397--404},
  year={2007},
  organization={IEEE}
}

@inproceedings{karraz2006automatic,
  title={Automatic classification of heartbeats using neural network classifier based on a Bayesian framework},
  author={Karraz, G and Magenes, G},
  booktitle={2006 International Conference of the IEEE Engineering in Medicine and Biology Society},
  pages={4016--4019},
  year={2006},
  organization={IEEE}
}

@article{kampouraki2008heartbeat,
  title={Heartbeat time series classification with support vector machines},
  author={Kampouraki, Argyro and Manis, George and Nikou, Christophoros},
  journal={IEEE Transactions on Information Technology in Biomedicine},
  volume={13},
  number={4},
  pages={512--518},
  year={2008},
  publisher={IEEE}
}

@inproceedings{liang1997heart,
  title={Heart sound segmentation algorithm based on heart sound envelogram},
  author={Liang, H and Lukkarinen, S and Hartimo, I},
  booktitle={Computers in Cardiology 1997},
  pages={105--108},
  year={1997},
  organization={IEEE}
}

@article{debbal,
  title={Filtering and classification of phonocardiogram signals using wavelet transform},
  author={Debbal, SM and Bereksi-Reguig, F},
  journal={Journal of medical engineering \& technology},
  volume={32},
  number={1},
  pages={53--65},
  year={2008},
  publisher={Taylor \& Francis}
}

@techreport{mumur,
  title={Music database retrieval based on spectral similarity},
  author={Yang, Cheng},
  year={2001},
  institution={Stanford}
}

@article{lavry2004sampling,
  title={Sampling Theory For Digital Audio},
  author={Lavry, Dan},
  journal={Lavry Engineering, Inc. Available online: http://www. lavryengineering. com/documents/Sampling\_Theory. pdf (checked 24.5. 2010)},
  year={2004}
}

@inproceedings{gomes2012classifying,
  title={Classifying heart sounds using peak location for segmentation and feature construction},
  author={Gomes, Elsa Ferreira and Pereira, Emanuel},
  booktitle={Workshop Classifying Heart Sounds, La Palma, Canary Islands},
  pages={10},
  year={2012}
}

@book{demuth2014neural,
  title={Neural network design},
  author={Demuth, Howard B and Beale, Mark H and De Jess, Orlando and Hagan, Martin T},
  year={2014},
  publisher={Martin Hagan}
}

@book{he2019automatic,
  title={Automatic Control, Mechatronics and Industrial Engineering: Proceedings of the International Conference on Automatic Control, Mechatronics and Industrial Engineering (ACMIE 2018), October 29-31, 2018, Suzhou, China},
  author={He, Yigang and Qing, Xue},
  year={2019},
  publisher={CRC Press}
}
