@inbook{abdel-salam:1990:elf,
   author    = {A.V. Oppenheim and R.W. Shafer},
   title     = {Discrete-time signal processing},
   chapter   = {3},
   pages     = {82-112},
   year      = {1989},
   month     = aug,
   publisher = {Prentice-Hall Inc.},
   address   = {USA},
   edition   = {first}
}


@article{finn:2003:dip,
   author    = {L. Finn and R. Mulholland and G.J. Gibbon},
   title     = {Design and implemention of a prototype computer based rehabilitation device for the lower extremities},
   journal   = {SAIEE Transactions},
   pages     = {29-32},
   year      = {2003},
   month     = mar,
   volume    = {95},
   number    = {1}
}


@article{muller:2003:dbr,
   author    = {G. H. Muller and C.F. Landy},
   title     = {Detection of broken rotor bars, {P}art 1 - new theory},
   journal   = {SAIEE Transactions},
   pages     = {7-18},
   year      = {2003},
   month     = mar,
   volume    = {95},
   number    = {1}
}


@inproceedings{vas:1992:smi,
   author    = {P. Vas},
   title     = {Simulation and monitoring of induction motors with motor asymmetry},
   booktitle = {Proceedings of the 6th International Conference on Electrical Machines},
   pages     = {435-439},
   year      = {1992},
   month     = may,
   address   = {Manchester}
}
%%%%%%%%%%%%%%%%%%%%%%%%%%%%%%%%%%%%%%%%%%%%%%%%%%%%%%%%55
@inproceedings{strunic2007detection,
  title={Detection and classification of cardiac murmurs using segmentation techniques and artificial neural networks},
  author={Strunic, Spencer L and Rios-Guti{\'e}rrez, Fernando and Alba-Flores, Roc{\'\i}o and Nordehn, Glenn and Bums, S},
  booktitle={2007 IEEE Symposium on Computational Intelligence and Data Mining},
  pages={397--404},
  year={2007},
  organization={IEEE}
}

@article{meziani2012analysis,
  title={Analysis of phonocardiogram signals using wavelet transform},
  author={Meziani, F and Debbal, SM and Atbi, A},
  journal={Journal of Medical Engineering \& Technology},
  volume={36},
  number={6},
  pages={283--302},
  year={2012},
  publisher={Taylor \& Francis}
}

@article{debbal2008filtering,
  title={Filtering and classification of phonocardiogram signals using wavelet transform},
  author={Debbal, SM and Bereksi-Reguig, F},
  journal={Journal of medical engineering \& technology},
  volume={32},
  number={1},
  pages={53--65},
  year={2008},
  publisher={Taylor \& Francis}
}

@inproceedings{gomes2012classifying,
  title={Classifying heart sounds using peak location for segmentation and feature construction},
  author={Gomes, Elsa Ferreira and Pereira, Emanuel},
  booktitle={Workshop Classifying Heart Sounds, La Palma, Canary Islands},
  pages={10},
  year={2012}
}

@article{bentley2011pascal,
  title={The pascal classifying heart sounds challenge 2011 (chsc2011) results},
  author={Bentley, P and Nordehn, G and Coimbra, M and Mannor, S and Getz, R},
  journal={\url{http://www.peterjbentley.com/heartchallenge/index.html}},
  year={2011}
}

@article{groch1992new,
  title={A new heart-sounds gating device for medical imaging},
  author={Groch, Mark W and Domnanovich, James R and Erwin, William D},
  journal={IEEE Transactions on biomedical engineering},
  volume={39},
  number={3},
  pages={307--310},
  year={1992},
  publisher={IEEE}
}

@article{iwata1980algorithm,
  title={Algorithm for detecting the first and the second heart sounds by spectral tracking},
  author={Iwata, A and Ishii, N and Suzumura, N and Ikegaya, K},
  journal={Medical and Biological Engineering and Computing},
  volume={18},
  number={1},
  pages={19--26},
  year={1980},
  publisher={Springer}
}

@inproceedings{liang1997heart,
  title={Heart sound segmentation algorithm based on heart sound envelogram},
  author={Liang, H and Lukkarinen, S and Hartimo, I},
  booktitle={Computers in Cardiology 1997},
  pages={105--108},
  year={1997},
  organization={IEEE}
}

@inproceedings{deng2012robust,
  title={A robust heart sound segmentation and classification algorithm using wavelet decomposition and spectrogram},
  author={Deng, Yiqi and Bentley, Peter J},
  booktitle={Workshop Classifying Heart Sounds},
  year={2012}
}

@article{26,
  title={Listen to Your Heart: Feature Extraction and Classification Methods for Heart Sounds},
  author={Chao, Angela and Ng, Shirley and Wang, Linda},
  publisher={University of Waterloo}
}

@article{rangayyan1987phonocardiogram,
  title={Phonocardiogram signal analysis: a review.},
  author={Rangayyan, Rangraj M and Lehner, Richard J},
  journal={Critical reviews in biomedical engineering},
  volume={15},
  number={3},
  pages={211--236},
  year={1987}
}

@article{lavry2004sampling,
  title={Sampling Theory For Digital Audio},
  author={Lavry, Dan},
  journal={Lavry Engineering, Inc. Available online: http://www.lavryengineering. com/documents/Sampling\_Theory.pdf (checked 24.5. 2010)},
  year={2004}
}

@phdthesis{39,
  title={A wavelet-based approach to electrocardiogram (ECG) and phonocardiogram (PCG) subject recognition},
  author={Fatemian, Seyedeh Zahra},
  publisher = {University of Toronto},
  year={2009}
}

@inproceedings{38,
  title={Classification of heart sounds using discrete and continuous wavelet transform and random forests},
  author={Balili, Christine C and Sobrepena, Ma Caryssa C and Naval, Prospero C},
  booktitle={2015 3rd IAPR Asian Conference on Pattern Recognition (ACPR)},
  pages={655--659},
  year={2015},
  organization={IEEE}
}

@inproceedings{elias,
 title={Heartbeat Sound Segmentation and Classification using Multi-domain Features},
   booktitle={4th Year Project Report 19P15. School of Electrical and Information Engineering, University of the Witwatersrand, Johannesburg},
   month = sep,
 author={Sepuru,Elias},
 year={2019},
}

@phdthesis{29,
  title={Real time segmentation of heart sounds},
  author={Fourie, David},
  year={2015},
  pages={13--18},
  school={Stellenbosch: Stellenbosch University}
}

@article{11,
  title={An open access database for the evaluation of heart sound algorithms},
  author={Liu, Chengyu and Springer, David and Li, Qiao and Moody, Benjamin and Juan, Ricardo Abad and Chorro, Francisco J and Castells, Francisco and Roig, Jos{\'e} Millet and Silva, Ikaro and Johnson, Alistair EW and others},
  journal={Physiological Measurement},
  volume={37},
  number={12},
  pages={2181},
  year={2016},
  publisher={IOP Publishing}
}

@inproceedings{19,
  title={A heart sound segmentation algorithm using wavelet decomposition and reconstruction},
  author={Huiying, Liang and Sakari, Lukkarinen and Iiro, Hartimo},
  booktitle={Proceedings of the 19th Annual International Conference of the IEEE Engineering in Medicine and Biology Society.'Magnificent Milestones and Emerging Opportunities in Medical Engineering'(Cat. No. 97CH36136)},
  volume={4},
  pages={1630--1633},
  year={1997},
  organization={IEEE}
}

@article{1,
  title={The first 200 years of cardiac auscultation and future perspectives},
  author={Montinari, Maria Rosa and Minelli, Sergio},
  journal={Journal of multidisciplinary healthcare},
  volume={12},
  pages={183},
  year={2019},
  publisher={Dove Press}
}