@article{28_gavrovska2017identification,
  title={Identification of S1 and S2 Heart Sound Patterns Based on Fractal Theory and Shape Context},
  author={Gavrovska, Ana and Zaji{\'c}, Goran and Bogdanovi{\'c}, Vesna and Reljin, Irini and Reljin, Branimir},
  journal={Complexity},
  volume={2017},
  year={2017},
  publisher={Hindawi}
}

@article{32_montinari2019first,
  title={The first 200 years of cardiac auscultation and future perspectives},
  author={Montinari, Maria Rosa and Minelli, Sergio},
  journal={Journal of multidisciplinary healthcare},
  volume={12},
  pages={183},
  year={2019},
  publisher={Dove Press}
}
@misc{WHO,
  author={WHO},
  title = {Cardiovascular diseases (CVDs)},
  howpublished = {\url{https://www.who.int/news-room/fact-sheets/detail/cardiovascular-diseases-(cvds)}},
  note = {Last Accessed: 2019-09-04}
}

@misc{33,
  author={Michelle Robinson},
  title = {SA needs Rural Doctors},
  howpublished = {\url{http://www.rudasa.org.za/news/article-listing/69-sa-needs-rural-doctors-opinion-piece}},
  note = {Last Accessed: 2019-09-04}
}

@article{34,
  title={Health care avoidance among rural populations: Results from a nationally representative survey},
  author={Spleen, Angela M and Lengerich, Eugene J and Camacho, Fabian T and Vanderpool, Robin C},
  journal={The journal of rural health},
  volume={30},
  number={1},
  pages={79--88},
  year={2014},
  publisher={Wiley Online Library}
}

@book{orient2010sapira,
  title={Sapira's art \& science of bedside diagnosis},
  author={Orient, Jane M and Sapira, Joseph D},
  year={2010},
  publisher={Lippincott Williams \& Wilkins}
}
@article{54,
  title={Heart sound classification based on scaled spectrogram and partial least squares regression},
  author={Zhang, Wenjie and Han, Jiqing and Deng, Shiwen},
  journal={Biomedical Signal Processing and Control},
  volume={32},
  pages={20--28},
  year={2017},
  publisher={Elsevier}
}


@article{35,
author = {Al Bugami, Saad},
year = {2007},
month = {08},
pages = {},
title = {Heart murmurs},
journal = {parkhurst exchange}
}
@misc{bentley,
       author = "Bentley, P. and Nordehn, G. and Coimbra, M. and Mannor, S.",
       title = "The {PASCAL} {C}lassifying {H}eart {S}ounds {C}hallenge 2011 {(CHSC2011)} {R}esults",
       howpublished = {\url{http://www.peterjbentley.com/heartchallenge/index.html}}
}
